<?xml version="1.0" encoding="UTF-8"?>

                <record xmlns="http://www.loc.gov/MARC21/slim">
                    <leader>02343nam a2200517zcb4500</leader>
                    <controlfield tag="001">990005980900203331</controlfield>
                    <controlfield tag="005">20201204193549.0</controlfield>
                    <controlfield tag="007">tu</controlfield>
                    <controlfield tag="008">950302|1988####|||######m####|||#|#ger#c</controlfield>
                    <controlfield tag="009">AC01088409</controlfield>
                    <datafield tag="015" ind1=" " ind2=" ">
                        <subfield code="a">88,A25,1305</subfield>
                        <subfield code="2">dnb</subfield>
                    </datafield>
                    <datafield tag="020" ind1=" " ind2=" ">
                        <subfield code="a">3205087488</subfield>
                        <subfield code="c">kart. : DM 140.00, S 696.00</subfield>
                    </datafield>
                    <datafield tag="024" ind1="7" ind2=" ">
                        <subfield code="a">urn:nbn:at:at-ubi:2-18512</subfield>
                        <subfield code="2">urn</subfield>
                    </datafield>
                    <datafield tag="035" ind1=" " ind2=" ">
                        <subfield code="a">(AT-OBV)AC01088409</subfield>
                    </datafield>
                    <datafield tag="035" ind1=" " ind2=" ">
                        <subfield code="a">(DE-599)OBVAC01088409</subfield>
                    </datafield>
                    <datafield tag="035" ind1=" " ind2=" ">
                        <subfield code="a">(VLID)5607653</subfield>
                    </datafield>
                    <datafield tag="040" ind1=" " ind2=" ">
                        <subfield code="a">UBI</subfield>
                        <subfield code="b">ger</subfield>
                        <subfield code="c">VL-RETRO</subfield>
                        <subfield code="d">UBS</subfield>
                        <subfield code="e">rakwb</subfield>
                    </datafield>
                    <datafield tag="041" ind1=" " ind2=" ">
                        <subfield code="a">ger</subfield>
                        <subfield code="a">eng</subfield>
                    </datafield>
                    <datafield tag="044" ind1=" " ind2=" ">
                        <subfield code="c">XA-DE</subfield>
                    </datafield>
                    <datafield tag="084" ind1=" " ind2=" ">
                        <subfield code="a">NQ 3210</subfield>
                        <subfield code="2">rvk</subfield>
                        <subfield code="9">O: Automatisch aus BVB_2013-06 2013-03-05</subfield>
                    </datafield>
                    <datafield tag="084" ind1=" " ind2=" ">
                        <subfield code="a">NQ 4080</subfield>
                        <subfield code="2">rvk</subfield>
                        <subfield code="9">O: Automatisch aus BVB_2013-06 2013-03-05</subfield>
                    </datafield>
                    <datafield tag="100" ind1="1" ind2=" ">
                        <subfield code="a">Beer, Siegfried</subfield>
                        <subfield code="0">(DE-588)108338215</subfield>
                        <subfield code="4">aut</subfield>
                    </datafield>
                    <datafield tag="245" ind1="1" ind2="0">
                        <subfield code="a">&lt;&lt;Der>> "unmoralische" Anschluß</subfield>
                        <subfield code="b">britische Österreichpolitik zwischen Containment und Appeasement 1931 - 1934</subfield>
                        <subfield code="c">Siegfried Beer</subfield>
                    </datafield>
                    <datafield tag="264" ind1=" " ind2="1">
                        <subfield code="a">Wien</subfield>
                        <subfield code="a">Köln</subfield>
                        <subfield code="a">Graz</subfield>
                        <subfield code="b">Böhlau</subfield>
                        <subfield code="c">1988</subfield>
                    </datafield>
                    <datafield tag="300" ind1=" " ind2=" ">
                        <subfield code="a">XVI, 521 S.</subfield>
                        <subfield code="b">graph. Darst.</subfield>
                        <subfield code="c">24 cm</subfield>
                    </datafield>
                    <datafield tag="490" ind1="1" ind2=" ">
                        <subfield code="a">Veröffentlichungen der Kommission für Neuere Geschichte Österreichs</subfield>
                        <subfield code="v">75</subfield>
                    </datafield>
                    <datafield tag="502" ind1=" " ind2=" ">
                        <subfield code="a">Zugl.: Wien, Univ., Diss., 1981/82 u.d.T.: Beer, Siegfried: Zwischen "Containment" und "Appeasement"</subfield>
                    </datafield>
                    <datafield tag="546" ind1=" " ind2=" ">
                        <subfield code="a">Beitr. teilw. dt., teilw. engl.</subfield>
                    </datafield>
                    <datafield tag="650" ind1=" " ind2="0">
                        <subfield code="a">Austria</subfield>
                        <subfield code="a">Foreign relations</subfield>
                        <subfield code="a">Great Britain</subfield>
                        <subfield code="z">Automatisch aus GBV_2011-10 2012-04-22</subfield>
                    </datafield>
                    <datafield tag="650" ind1=" " ind2="0">
                        <subfield code="a">Great Britain</subfield>
                        <subfield code="a">Foreign relations</subfield>
                        <subfield code="a">Austria</subfield>
                        <subfield code="z">Automatisch aus GBV_2011-10 2012-04-22</subfield>
                    </datafield>
                    <datafield tag="650" ind1=" " ind2="0">
                        <subfield code="a">Austria</subfield>
                        <subfield code="a">Foreign relations</subfield>
                        <subfield code="a">1918-1938</subfield>
                        <subfield code="z">Automatisch aus GBV_2011-10 2012-04-22</subfield>
                    </datafield>
                    <datafield tag="650" ind1=" " ind2="0">
                        <subfield code="a">Austria</subfield>
                        <subfield code="a">History</subfield>
                        <subfield code="a">Anschluss, 1938</subfield>
                        <subfield code="z">Automatisch aus GBV_2011-10 2012-04-22</subfield>
                    </datafield>
                    <datafield tag="689" ind1="0" ind2="0">
                        <subfield code="a">Großbritannien</subfield>
                        <subfield code="D">g</subfield>
                        <subfield code="0">(DE-588)4022153-2</subfield>
                    </datafield>
                    <datafield tag="689" ind1="0" ind2="1">
                        <subfield code="a">Außenpolitik</subfield>
                        <subfield code="D">s</subfield>
                        <subfield code="0">(DE-588)4003846-4</subfield>
                    </datafield>
                    <datafield tag="689" ind1="0" ind2="2">
                        <subfield code="a">Österreich</subfield>
                        <subfield code="D">g</subfield>
                        <subfield code="0">(DE-588)4043271-3</subfield>
                    </datafield>
                    <datafield tag="689" ind1="0" ind2="3">
                        <subfield code="a">Geschichte 1931-1934</subfield>
                        <subfield code="A">z</subfield>
                    </datafield>
                    <datafield tag="689" ind1="0" ind2=" ">
                        <subfield code="5">AT-OBV</subfield>
                        <subfield code="5">UBW</subfield>
                    </datafield>
                    <datafield tag="776" ind1="0" ind2="8">
                        <subfield code="i">Elektronische Reproduktion</subfield>
                        <subfield code="o">urn:nbn:at:at-ubi:2-18512</subfield>
                    </datafield>
                    <datafield tag="830" ind1=" " ind2="0">
                        <subfield code="w">(AT-OBV)AC00112585</subfield>
                        <subfield code="v">75</subfield>
                        <subfield code="9">O:1</subfield>
                    </datafield>
                    <datafield tag="856" ind1="4" ind2="1">
                        <subfield code="m">V:AT-OBV;B:AT-UBI</subfield>
                        <subfield code="q">text/html</subfield>
                        <subfield code="u">https://resolver.obvsg.at/urn:nbn:at:at-ubi:2-18512</subfield>
                        <subfield code="x">UBI</subfield>
                        <subfield code="3">Volltext // 2020 digitalisiert von: Universitäts- und Landesbibliothek Tirol</subfield>
                        <subfield code="o">OBV-VL</subfield>
                    </datafield>
                    <datafield tag="852" ind1="0" ind2="1">
                        <subfield code="a">43ACC_UBS</subfield>
                        <subfield code="6">990009700730203341</subfield>
                        <subfield code="9">P</subfield>
                    </datafield>
                    <datafield tag="852" ind1="0" ind2="1">
                        <subfield code="a">43ACC_BMA</subfield>
                        <subfield code="6">990005024380304534</subfield>
                        <subfield code="9">P</subfield>
                    </datafield>
                    <datafield tag="852" ind1="0" ind2="1">
                        <subfield code="a">43ACC_WIENB</subfield>
                        <subfield code="6">9910676500204516</subfield>
                        <subfield code="9">P</subfield>
                    </datafield>
                    <datafield tag="852" ind1="0" ind2="1">
                        <subfield code="a">43ACC_UBW</subfield>
                        <subfield code="6">990001413180203332</subfield>
                        <subfield code="9">P</subfield>
                    </datafield>
                    <datafield tag="852" ind1="0" ind2="1">
                        <subfield code="a">43ACC_UBG</subfield>
                        <subfield code="6">990019797330203339</subfield>
                        <subfield code="9">P</subfield>
                    </datafield>
                    <datafield tag="852" ind1="0" ind2="1">
                        <subfield code="a">43ACC_OEAW</subfield>
                        <subfield code="6">990000712770504498</subfield>
                        <subfield code="9">P</subfield>
                    </datafield>
                    <datafield tag="852" ind1="0" ind2="1">
                        <subfield code="a">43ACC_UBI</subfield>
                        <subfield code="6">990001534370103333</subfield>
                        <subfield code="9">P</subfield>
                    </datafield>
                    <datafield tag="852" ind1="0" ind2="1">
                        <subfield code="a">43ACC_AKW</subfield>
                        <subfield code="6">990001027360203343</subfield>
                        <subfield code="9">P</subfield>
                    </datafield>
                    <datafield tag="852" ind1="0" ind2="1">
                        <subfield code="a">43ACC_UBK</subfield>
                        <subfield code="6">990002873120203346</subfield>
                        <subfield code="9">P</subfield>
                    </datafield>
                    <datafield tag="852" ind1="0" ind2="1">
                        <subfield code="a">43ACC_UBL</subfield>
                        <subfield code="6">990002796160103340</subfield>
                        <subfield code="9">P</subfield>
                    </datafield>
                    <datafield tag="852" ind1="0" ind2="1">
                        <subfield code="a">43ACC_OOELB</subfield>
                        <subfield code="6">990001093390304508</subfield>
                        <subfield code="9">P</subfield>
                    </datafield>
                    <datafield tag="852" ind1="0" ind2="1">
                        <subfield code="a">43ACC_BRIDGE_PAR</subfield>
                        <subfield code="6">9913707504485</subfield>
                        <subfield code="9">P</subfield>
                    </datafield>
                    <datafield tag="970" ind1="1" ind2=" ">
                        <subfield code="c">54</subfield>
                    </datafield>
                    <datafield tag="970" ind1="2" ind2=" ">
                        <subfield code="d">RETRODIGITALISAT</subfield>
                    </datafield>
                    <datafield tag="974" ind1="0" ind2="s">
                        <subfield code="F">030</subfield>
                        <subfield code="A">z|1dcr|||||17</subfield>
                    </datafield>
                    <datafield tag="974" ind1="0" ind2="s">
                        <subfield code="F">051</subfield>
                        <subfield code="A">su|||||</subfield>
                    </datafield>
                    <datafield tag="974" ind1="0" ind2="u">
                        <subfield code="V">903</subfield>
                        <subfield code="a">2134</subfield>
                        <subfield code="a">3214</subfield>
                    </datafield>
                    <datafield tag="974" ind1="0" ind2="s">
                        <subfield code="F">050</subfield>
                        <subfield code="A">a|a|||||g|||||</subfield>
                    </datafield>
                </record>

